
% Cita 1
@book{Cita1,
  title     = {Guía de los Fundamentos para la Dirección de Proyectos},
  author    = {Project Management Institute},
  publisher = {Project Management Institute, Inc},
  isbn      = {9781933890722},
  edition   =  4,
  month     =  dec,
  year      =  2009,
  address   = {Newton Square, PA},
  language  = {es},
  url       = {https://www.sadamweb.com.ar/news/2016_08Agosto/Guia_Fundamentos_para_la_Direccion_de_Proyectos-4ta_Edicion.pdf?PMBOX=http://www.sadamweb.com.ar/news/2016_08Agosto/Guia_Fundam}
}

% Cita 2
@misc{Cita2,
  title        = {Metodolog{\'i}as de desarrollo de software de Licenciatura en Sistemas y Computaci{\'o}n},
  author       = {Maida, Esteban Gabriel and Pacienzia, Julián},
  howpublished = {2015},
  url = {https://repositorio.uca.edu.ar/bitstream/123456789/522/1/metodologias-desarrollo-software.pdf}
}

% Cita 3
@book{Cita3,
    author = {Wong Durand, Sandra},
    title = {Análisis y requerimientos de software: manual autoformativo interactivo},
    year = {2017},
    isbn = {9786124196},
    edition = {1st},
    publisher = {Universidad Continental},
    address = {Av. San Carlos 1980, Huancayo-Perú},
    url = {https://repositorio.continental.edu.pe/bitstream/20.500.12394/4281/1/DO_FIN_103_MAI_UC0939_2018.pdf}
} 

% Cita 4
@mastersthesis{Cita4,
    author = {Artica Navarro, Robertho Lutty},
    title = {Desarrollo de Aplicaciones Moviles},
    school = {Universidad Nacional de la Amazonia Peruana},
    year = {2014},
    month = {sep},
    url = {http://repositorio.unapiquitos.edu.pe/handle/20.500.12737/4515}
}

%Cita 5
@article{Cita5,
   title = {Metodolog{\'i}a para el desarrollo de aplicaciones moviles},
   journal = {Tecnura},
   author={Gasca Mantilla, Maira Cecilia AND Camargo Ariza, Luis Leonardo AND Medina Delgado, Byron},
   ISSN = {0123-921X},
   language = {es},
   url = {http://www.scielo.org.co/scielo.php?script=sci_arttext&pid=S0123-921X2014000200003&nrm=iso},
   volume = {18},
   year = {2014},
   month = {04},
   pages = {20 - 35},
   publisher = {scieloco},
}

%Cita 6
@article{Cita6,
  title     = {Interfaz y experiencia de usuario: par{\'a}metros importantes para un dise\~{n}o efectivo},
  author    = {Ram{\'i}rez Acosta, Keren},
  journal   = {Rev. Tecnol. Marcha},
  publisher = {Instituto Tecnologico de Costa Rica},
  volume    =  {30},
  number    =  {5},
  pages     = {49},
  month     =  {dec},
  year      =  {2017},
  doi       = {10.18845/tm.v30i5.3223}
}

% Cita 7
@article{Cita7,
  title     = {Comparaci{\'o}n de tendencias tecnol{\'o}gicas en aplicaciones web},
  author    = {Valarezo Pardo, Milton Rafael and Honores Tapia, Joofre Antonio and G{\'o}mez Moreno, Antonio Steeven and Vinces S{\'a}nchez, Luis Fernando},
  journal   = {3C Tecnol.\_Glosas Innov. Apl. Pyme},
  publisher = {Area de Innovacion y Desarrollo, S.L. 3 Ciencias},
  volume    =  {7},
  number    =  {3},
  pages     = {28--49},
  month     =  {sep},
  year      =  {2018},
  doi       = {10.17993/3ctecno.2018.v7n3e27.28-49/},
}

%Cita 8
@article{Cita8,
  title     = {Evaluaci{\'o}n de los Frameworks en el Desarrollo de Aplicaciones Web con Python},
  author    = {Molina R{\'i}os, Jimmy Rolando and Loja Mora, Nancy Magaly and Zea Ord{\'o}{\~n}ez, Mariuxi Paola and Loaiza Sojos, Erika Lizbeth},
  journal   = {Rev. Latinoam. Ing. Softw.},
  publisher = {Universidad Nacional de Lanus},
  volume    = {4},
  number    = {4},
  pages     = {201},
  month     = {sep},
  year      = {2016},
  doi       = {10.18294/relais.2016.201-207}
}

%Cita 9
@article{Cita9,
    author = {Cristiá, Maximiliano},
    journal = {ResearchGate},
    year = {2008},
    month = {jan},
    pages = {7},
    title = {Introducción a la Arquitectura de Software},
    url = {https://www.researchgate.net/publication/251932352_Introduccion_a_la_Arquitectura_de_Software}
}

%Cita 10


%Cita 11
@article{Cita11,
  title     = {Modelado y Verificaci{\'o}n de Patrones de Dise\~{n}o de Arquitectura de Software para Entornos de Computaci{\'o}n en la Nube},
  author    = {Blas, Mar{\'i}a Julia and Leone, Horacio and Gonnet, Silvio},
  journal   = {RISTI - Rev. Ib{\'e}r. Sist. Tecnol. Inf.},
  publisher = {AISTI},
  pages     = {1-17},
  month     = {dec},
  year      = {2019},
  doi       = {10.17013/risti.35.1-17}
}

%Cita 12 y 13
@book{Cita13,
  title={Introducci{\'o}n a las bases de datos relacionales},
  author={Cabello, M{\textordfeminine} Victoria Nevado},
  month={feb},
  year={2010},
  publisher={Vision Libros},
  language={es}
}
@mastersthesis{Cita12,
  title={An{\'a}lisis comparativo entre bases de datos relacionales con bases de datos no relacionales},
  author={C{\'o}rdova Espinoza, Rosa Fernanda and Cuzco Sarango, Bernardo Esteban},
  school = {Universidad Politécnica Salesiana},
  type={{B.S.} thesis},
  year={2013},
  url = {https://dspace.ups.edu.ec/handle/123456789/6977}
}

%Cita 14
@book{Cita14,
  title={Administraci{\'o}n de Sistemas Gestores de Base de Datos},
  author={Ib{\'a}\~{n}ez, Luis Hueso},
  year={2015},
  publisher={Grupo Editorial RA-MA}
}

%Cita 15 y 16
@article{Cita16,
  title={Arquitectura de Software basada en Microservicios para Desarrollo de Aplicaciones Web},
  journal = {RedCLARA},
  author={L{\'o}pez, Daniel and Maya, Edgar and others},
  year={2017},
  url = {https://dspace.redclara.net/bitstream/10786/1277/1/93\%20Arquitectura\%20de\%20Software\%20basada\%20en\%20Microservicios\%20para\%20Desarrollo\%20de\%20Aplicaciones\%20Web.pdf}
}
@article{Cita15,
  title={Arquitectura basada en Microservicios y DevOps para una ingenier{\'i}a de software continua},
  author={Rodr{\'i}guez, Zoraida Mamani and Rodr{\'i}guez, Luz Del Pino and Suarez, Juan Carlos Gonzales},
  journal={Industrial Data},
  volume={23},
  number={2},
  pages={141-149},
  year={2020},
  publisher={Universidad Nacional Mayor de San Marcos},
  doi = {10.15381/idata.v23i2.17278}
}

%Cita 17
@online{Cita17,
     url = {http://www.apastyle.org/elecref.html},
     author = {Software Guru},
     title = {{SQLite}: La base de datos embebida},
     year = 2001,
}

%Cita 18
@online{Cita18,
     url = {https://www.ibm.com/mx-es/topics/mongodb},
     author = {Software Guru},
     title = {¿Qu{\'e} es {MongoDB}?},
     year = 2020,
}


